
% biblio.bib - 2 Feb 01, 9 Jun 14 - Colin Ramsay
%
%   5   10   15   20   25   30   35   40   45   50   55   60   65   70   75   80
% ..|....|....|....|....|....|....|....|....|....|....|....|....|....|....|....|

@ARTICLE{CDHW,
  AUTHOR        = {John J. Cannon and Lucien A. Dimino and George Havas
			and Jane M. Watson},
  TITLE         = {Implementation and analysis of the {Todd-Coxeter}
			algorithm},
  JOURNAL       = {Mathematics of Computation},
  YEAR          = {1973},
  VOLUME        = {27},
  PAGES         = {463--490}
}
%  NUMBER        = {123},
%  MONTH         = {July},

@ARTICLE{Dok,
  AUTHOR        = {Dragomir Z. Dokovic},
  TITLE         = {Presentations of some finite simple groups},
  JOURNAL       = {Journal of the Australian Mathematical Society 
			(Series A)},
  YEAR          = {1988},
  VOLUME        = {45},
  NUMBER        = {2},
  PAGES         = {143--168},
  MONTH         = {October}
}

@INCOLLECTION{Lee,
  AUTHOR        = {John Leech},
  TITLE         = {Coset enumeration},
  BOOKTITLE     = {Computational Group Theory},
  PUBLISHER     = {Academic Press},
  YEAR          = {1984},
  EDITOR        = {Michael D. Atkinson},
  PAGES         = {3--18}
}

@INCOLLECTION{War,
  AUTHOR        = {J.N. Ward},
  TITLE         = {A note on the {Todd-Coxeter} algorithm},
  BOOKTITLE     = {Group Theory (Canberra, 1975)},
  PUBLISHER     = {Springer-{\kern-1.5pt}Verlag},
  YEAR          = {1977},
  EDITOR        = {R.A. Bryce and J. Cossey and M.F. Newman},
  NUMBER        = {573},
  SERIES        = {Lecture Notes in Mathematics},
  PAGES         = {126--129}
}

@ARTICLE{BCP,
  AUTHOR        = {W. Bosma and J. Cannon and C. Playoust},
  TITLE         = {The \textsc{Magma} algebra system {I}: 
			the user language},
  JOURNAL       = {Journal of Symbolic Computation},
  YEAR          = {1997},
  VOLUME        = {24},
  PAGES         = {235--265}
}

@MANUAL{Sch,
  TITLE         = {\textsf{GAP} -- Groups, Algorithms and Programming},
  AUTHOR        = {M. {Sch\"onert et al.}},
  ORGANIZATION  = {Lehrstuhl D f\"ur Mathematik},
  ADDRESS       = {Rheinisch-Westf\"alische Technische Hochschule,
			Aachen},
  YEAR          = {1995}
}

@INCOLLECTION{AHT,
  AUTHOR        = {M.D. Atkinson and R.A. Hassan and M.P. Thorne},
  TITLE         = {Group theory on a micro-computer},
  BOOKTITLE     = {Computational Group Theory},
  PUBLISHER     = {Academic Press},
  YEAR          = {1984},
  EDITOR        = {Michael D. Atkinson},
  PAGES         = {275--280}
}

@INCOLLECTION{HKRR,
  AUTHOR        = {George Havas and P.E. Kenne and J.S. Richardson and
			E.F. Robertson},
  TITLE         = {A {Tietze} transformation program},
  BOOKTITLE     = {Computational Group Theory},
  PUBLISHER     = {Academic Press},
  YEAR          = {1984},
  EDITOR        = {Michael D. Atkinson},
  PAGES         = {69--73}
}

@INCOLLECTION{Bee,
  AUTHOR        = {M.J. Beetham},
  TITLE         = {Space saving in coset enumeration},
  BOOKTITLE     = {Computational Group Theory},
  PUBLISHER     = {Academic Press},
  YEAR          = {1984},
  EDITOR        = {Michael D. Atkinson},
  PAGES         = {19--25}
}

@INPROCEEDINGS{Hav,
  AUTHOR        = {George Havas},
  TITLE         = {Coset enumeration strategies},
  BOOKTITLE     = {ISSAC'91 (Proceedings of the 1991 International
			Symposium on Symbolic and Algebraic Computation)},
  YEAR          = {1991},
  EDITOR        = {Stephen M. Watt},
  PAGES         = {191--199},
  PUBLISHER     = {ACM Press}
}

@BOOK{Pla,
  AUTHOR        = {P.J. Plauger},
  TITLE         = {The Standard C Library},
  PUBLISHER     = {Prentice Hall},
  YEAR          = {1992}
}

@BOOK{CoxMos,
  AUTHOR        = {H.S.M. Coxeter and W.O.J. Moser},
  TITLE         = {Generators and Relations for Discrete Groups},
  PUBLISHER     = {Springer-Verlag},
  YEAR          = {1980},
  EDITION	= {Fourth}
}

@MISC{C11,
  KEY		= {Group-pub-forum},
  NOTE          = {Group-pub-forum e-mail list
		     (\texttt{group-pub-forum@maths.bath.ac.uk}),
		   Problem 11, 1996.
		   See \texttt{http://www2.bath.ac.uk/}%
\verb+~+\texttt{masgcs/problem/problem11.htm}}
}

@MISC{HHKR,
  AUTHOR        = {George Havas and Derek F. Holt and P.E. Kenne and
			Sarah Rees},
  TITLE         = {Some challenging group presentations},
  YEAR          = {1999 (preprint)}
}

@MISC{HR,
  AUTHOR	= {George Havas and Colin Ramsay},
  TITLE		= {Coset enumeration: {ACE} version 3, 1999},
  NOTE		= {Available as \texttt{http://www.csee.uq.edu.au/}%
\verb+~+\texttt{havas/ace3.tar.gz}}
}

@INCOLLECTION{KB,
  AUTHOR        = {D.E. Knuth and P.B. Bendix},
  TITLE         = {Simple word problems in universal algebras},
  BOOKTITLE     = {Computational Problems in Abstract Algebra},
  PUBLISHER     = {Pergamon Press, Oxford},
  YEAR          = {1970},
  PAGES         = {263--297},
}

@INCOLLECTION{Lee2,
  AUTHOR        = {John Leech},
  TITLE         = {Computer proof of relations in groups},
  BOOKTITLE     = {Topics in Group Theory and Computation},
  PUBLISHER     = {Academic Press},
  YEAR          = {1977},
  EDITOR        = {Michael P.J. Curran},
  PAGES         = {38--61}
}

@ARTICLE{Hav2,
  AUTHOR        = {George Havas},
  TITLE         = {Computer aided determination of a {Fibonacci} group},
  JOURNAL       = {Bulletin of the Australian Mathematical Society},
  YEAR          = {1976},
  VOLUME        = {15},
  PAGES         = {297--305}
}

@MASTERSTHESIS{Ede,
  AUTHOR        = {Margaret Edeson},
  TITLE         = {Investigations in coset enumeration},
  SCHOOL        = {Canberra College of Advanced Education},
  YEAR          = {1989}
}

@MISC{Fel,
  AUTHOR	= {V. Felsch},
  NOTE		= {E-mail to G. Havas, 1998}
}

@ARTICLE{Moo,
  AUTHOR        = {E.H. Moore},
  TITLE         = {Concerning the abstract groups of order $k!$ and
	$\frac{1}{2}k!$ holohedrically isomorphic with the symmetric and 
	the alternating substitution-groups on $k$ letters},
  JOURNAL       = {Proceedings of the London Mathematical Society (1)},
  YEAR          = {1897},
  VOLUME        = {28},
  PAGES         = {357--366}
}

@ARTICLE{TC,
  AUTHOR        = {J.A. Todd and H.S.M. Coxeter},
  TITLE         = {A practical method for enumerating cosets of finite
			abstract groups},
  JOURNAL       = {Proceedings of the Edinburgh Mathematical Society},
  YEAR          = {1936},
  VOLUME        = {5},
  PAGES         = {26--34}
}

@ARTICLE{Lee3,
  AUTHOR        = {J. Leech},
  TITLE         = {Coset enumeration on digital computers},
  JOURNAL       = {Proceedings of the Cambridge Philosophical Society},
  YEAR          = {1963},
  VOLUME        = {59},
  PAGES         = {257--267}
}

@BOOK{Sim,
  AUTHOR        = {Charles C. Sims},
  TITLE         = {Computation with finitely presented groups},
  PUBLISHER     = {Cambridge University Press},
  YEAR          = {1994}
}

@INCOLLECTION{Neu,
  AUTHOR        = {J. Neub\"{u}ser},
  TITLE         = {An elementary introduction to coset-table methods in
			computational group theory},
  BOOKTITLE     = {Groups -- St. Andrews 1981},
  SERIES        = {London Mathematical Society Lecture Note Series 71},
  PUBLISHER     = {Cambridge University Press},
  YEAR          = {1982},
  PAGES         = {1--45}
}

@ARTICLE{Men,
  AUTHOR        = {N.S. Mendelsohn},
  TITLE         = {An algorithmic solution for a word problem in group
			theory},
  JOURNAL       = {Canadian Journal of Mathematics},
  YEAR          = {1964},
  VOLUME        = {16},
  PAGES         = {509--516},
  NOTE		= {Corrigendum: \textit{Ibid.} 17:505, 1965.}
}

@ARTICLE{Can,
  AUTHOR        = {J.H. Conway},
  TITLE         = {Problem \#5327},
  JOURNAL       = {American Mathematical Monthly},
  YEAR          = {1965},
  VOLUME        = {72},
  PAGES         = {915},
  NOTE		= {Solutions, by various authors, given in: 
		Generators and relations for cyclic groups,
		\textit{Ibid.}, 74:91--93, 1965.}
}

@BOOK{Dic,
  AUTHOR        = {L.E. Dickson},
  TITLE         = {Linear Groups, with an exposition of the Galois field
			theory},
  PUBLISHER     = {B.G. Teubner, Leipzig},
  YEAR          = {1901}
}

@INCOLLECTION{HR1,
  AUTHOR        = {George Havas and Colin Ramsay},
  TITLE         = {Experiments in coset enumeration},
  BOOKTITLE     = {Groups and Computation {I{\kern-1pt}I{\kern-1pt}I}},
  PUBLISHER     = {Walter de Gruyter},
  YEAR          = {2001},
  EDITOR        = {W.M.\@ Kantor and A.\@ Seress},
  NUMBER        = {8},
  SERIES        =  {Ohio State University Mathematical Research Institute 
			Publications},
  PAGES         = {183--192}
}

@ARTICLE{HR2,
  AUTHOR        = {George Havas and Colin Ramsay},
  TITLE         = {Proving a group trivial made easy: a case study in coset
			enumeration},
  JOURNAL       = {Bulletin of the Australian Mathematical Society},
  YEAR          = {2000},
  VOLUME        = {62},
  PAGES         = {105--118}
}

@ARTICLE{Hig,
  AUTHOR        = {G. Higman},
  TITLE         = {A finitely generated infinite simple group},
  JOURNAL       = {Journal of the London Mathematical Society},
  YEAR          = {1951},
  VOLUME        = {26},
  PAGES         = {61--64}
}

@ARTICLE{Neu1,
  AUTHOR        = {B.H. Neumann},
  TITLE         = {An essay on free products of groups with
			amalgamations},
  JOURNAL       = {Philosophical Transactions of the Royal Society of
			London (A)},
  YEAR          = {1954},
  VOLUME        = {246},
  PAGES         = {503--554}
}

@ARTICLE{Neu2,
  AUTHOR        = {B.H. Neumann},
  TITLE         = {Proofs},
  JOURNAL       = {The Mathematical Intelligencer},
  YEAR          = {1979},
  VOLUME        = {2},
  ISSUE		= {1},
  PAGES         = {18--19}
}

@INCOLLECTION{CH,
  AUTHOR        = {Gene Cooperman and George Havas},
  TITLE         = {Practical parallel coset enumeration},
  BOOKTITLE     = {Workshop on High Performance Computing and Gigabit 
			Local Area Networks},
  PUBLISHER     = {Springer-{\kern-1.5pt}Verlag},
  YEAR          = {1997},
  EDITOR        = {G. Cooperman and G. Michler and H. Vinck},
  NUMBER        = {226},
  SERIES        = {Lecture Notes in Control and Information Sciences},
  PAGES         = {15--27}
}

@BOOK{CLR,
  AUTHOR        = {Thomas H. Cormen and Charles E. Leiserson and Ronald
			L. Rivest},
  TITLE         = {Introduction to Algorithms},
  PUBLISHER     = {The MIT Press},
  YEAR          = {1990}
}

@INCOLLECTION{Lee4,
  AUTHOR        = {John Leech},
  TITLE         = {Coset enumeration},
  BOOKTITLE     = {Computational Problems in Abstract Algebra},
  PUBLISHER     = {Pergamon Press, Oxford},
  YEAR          = {1970},
  PAGES         = {21--35},
}

@INCOLLECTION{Hav3,
  AUTHOR        = {George Havas},
  TITLE         = {A {Reidemeister-Schreier} Program},
  BOOKTITLE     = {Proceedings of the Second International Conference on
                     The Theory of Groups (ANU, 1973)},
  PUBLISHER     = {Springer-{\kern-1.5pt}Verlag},
  YEAR          = {1974},
  EDITOR        = {M.F. Newman},
  NUMBER        = {372},
  SERIES        = {Lecture Notes in Mathematics},
  PAGES         = {347--356}
}

@article {CHRR1,
    AUTHOR = {Campbell, Colin M. and Havas, George and Ramsay, Colin and
              Robertson, Edmund F.},
     TITLE = {Nice efficient presentations for all small simple groups and
              their covers},
   JOURNAL = {LMS Journal of Computation and Mathematics},
    VOLUME = {7},
      YEAR = {2004},
     PAGES = {266--283 (electronic)},
      ISSN = {1461-1570}
}

@article {CHRR2,
    AUTHOR = {Campbell, Colin M. and Havas, George and Ramsay, Colin and
              Robertson, Edmund F.},
     TITLE = {On the efficiency of the simple groups of order less than a
              million and their covers},
   JOURNAL = {Experimental Mathematics},
    VOLUME = {16},
      YEAR = {2007},
    NUMBER = {3},
     PAGES = {347--358}
}

@incollection {HR3,
    AUTHOR = {Havas, George and Ramsay, Colin},
     TITLE = {Parallel coset enumeration using threads},
 BOOKTITLE = {Computer mathematics ({C}hiang {M}ai, 2000)},
    SERIES = {Lecture Notes Series on Computing},
    VOLUME = {8},
     PAGES = {29--38},
 PUBLISHER = {World Scientific Publishing Company},
      YEAR = {2000}
}

@incollection {HR4,
    AUTHOR = {Havas, George and Ramsay, Colin},
     TITLE = {Short balanced presentations of perfect groups},
 BOOKTITLE = {Groups {S}t.\ {A}ndrews 2001 in {O}xford, {V}ol.\ {I}},
    SERIES = {LMS Lecture Note Series},
    VOLUME = {304},
     PAGES = {238--243},
 PUBLISHER = {Cambridge University Press},
      YEAR = {2003}
}

@INCOLLECTION{HSW,
  AUTHOR        = {George Havas and Leonard H. Soicher and Robert A. Wilson},
  TITLE         = {A presentation for the {T}hompson sporadic simple group},
  BOOKTITLE     = {Groups and Computation {I{\kern-1pt}I{\kern-1pt}I}},
  PUBLISHER     = {Walter de Gruyter},
  YEAR          = {2001},
  EDITOR        = {W.M.\@ Kantor and A.\@ Seress},
  NUMBER        = {8},
  SERIES        =  {Ohio State University Mathematical Research Institute 
			Publications},
  PAGES         = {193--199}
}

@INCOLLECTION{New,
  AUTHOR        = {M.F. Newman},
  TITLE         = {Groups of {E}xponent 6},
  BOOKTITLE     = {Computational Group Theory},
  PUBLISHER     = {Academic Press},
  YEAR          = {1984},
  EDITOR        = {Michael D. Atkinson},
  PAGES         = {39--41}
}

@incollection {HR5,
    AUTHOR = {Havas, George and Ramsay, Colin},
     TITLE = {On proofs in finitely presented groups},
 BOOKTITLE = {Groups {S}t. {A}ndrews 2005, {V}ol.\ 2},
    SERIES = {LMS Lecture Note Series},
    VOLUME = {340},
     PAGES = {457--474},
 PUBLISHER = {Cambridge University Press},
      YEAR = {2007}
}

@MASTERSTHESIS{Litt,
  AUTHOR	= {Tom Litt},
  TITLE		= {{Coset Enumeration}},
  SCHOOL	= {Christ Church},
  YEAR		= {1999}
}

@MANUAL{gcc,
  TITLE		= {Using the GNU Compiler Collection (For GCC version 4.8.2)},
  AUTHOR       	= {Richard M. Stallman and the GCC Developer Community},
  ADDRESS      	= {{GNU Press}, \url{www.gnupress.org}}
}

@TECHREPORT{c99,
  AUTHOR	= {WG14},
  TITLE		= {Programming Language C, ISO/IEC 9899:1999},
  INSTITUTION	= {ISO/IEC},
  YEAR		= {2007},
  ADDRESS     	= {\url{http://www.open-std.org/jtc1/sc22/wg14/www/standards}}
}

@MANUAL{GAP,
  TITLE         = {{ACE} -- A \textsf{GAP4} Package, Version 5.1},
  AUTHOR        = {George Havas and Colin Ramsay and Alexander Hulpke 
                                                               and Greg Gamble},
  YEAR          = {January 2012}
}

@MANUAL{GAP2,
  TITLE         = {\textsf{GAP} -- Groups, Algorithms and Programming,
                    Version 4.5.5},
  AUTHOR        = {The \textsf{GAP} Group},
  YEAR          = {2012 (\url{http://www.gap-system.org})}
}

@incollection {MR1829480,
    AUTHOR = {Havas, George and Soicher, Leonard H. and Wilson, Robert A.},
     TITLE = {A presentation for the {T}hompson sporadic simple group},
 BOOKTITLE = {Groups and computation, {III} ({C}olumbus, {OH}, 1999)},
    SERIES = {Ohio State Univ. Math. Res. Inst. Publ.},
    VOLUME = {8},
     PAGES = {193--200},
 PUBLISHER = {de Gruyter, Berlin},
      YEAR = {2001},
   MRCLASS = {20D08 (20F05)},
  MRNUMBER = {1829480},
MRREVIEWER = {Hiroyoshi Yamaki},
}
